@ARTICLE{2018arXiv180711581S,
   author = {{Sieniawska}, M. and {Turczanski}, W. and {Bejger}, M. and 
  {Leszek Zdunik}, J.},
    title = "{Tidal deformability and other global parameters of compact stars with phase transitions}",
  journal = {ArXiv e-prints},
archivePrefix = "arXiv",
   eprint = {1807.11581},
 primaryClass = "astro-ph.HE",
 keywords = {Astrophysics - High Energy Astrophysical Phenomena, General Relativity and Quantum Cosmology},
     year = 2018,
    month = jul,
   adsurl = {http://adsabs.harvard.edu/abs/2018arXiv180711581S},
  adsnote = {Provided by the SAO/NASA Astrophysics Data System}
}

@ARTICLE{2018SSRv..214...32C,
   author = {{Czerny}, B. and {Beaton}, R. and {Bejger}, M. and {Cackett}, E. and 
  {Dall'Ora}, M. and {Holanda}, R.~F.~L. and {Jensen}, J.~B. and 
  {Jha}, S.~W. and {Lusso}, E. and {Minezaki}, T. and {Risaliti}, G. and 
  {Salaris}, M. and {Toonen}, S. and {Yoshii}, Y.},
    title = "{Astronomical Distance Determination in the Space Age. Secondary Distance Indicators}",
  journal = {\ssr},
archivePrefix = "arXiv",
   eprint = {1801.00598},
 keywords = {Distance scale, Galaxies: distances and redshifts, Stars: supernovae},
     year = 2018,
    month = feb,
   volume = 214,
      eid = {32},
    pages = {32},
      doi = {10.1007/s11214-018-0466-9},
   adsurl = {http://adsabs.harvard.edu/abs/2018SSRv..214...32C},
  adsnote = {Provided by the SAO/NASA Astrophysics Data System}
}

@ARTICLE{2018ApJ...868...17A,
   author = {{Abramowicz}, M.~A. and {Bejger}, M. and {Wielgus}, M.},
    title = "{Collisions of Neutron Stars with Primordial Black Holes as Fast Radio Bursts Engines}",
  journal = {\apj},
archivePrefix = "arXiv",
   eprint = {1704.05931},
 primaryClass = "astro-ph.HE",
 keywords = {black hole physics, dark matter, stars: neutron },
     year = 2018,
    month = nov,
   volume = 868,
      eid = {17},
    pages = {17},
      doi = {10.3847/1538-4357/aae64a},
   adsurl = {http://adsabs.harvard.edu/abs/2018ApJ...868...17A},
  adsnote = {Provided by the SAO/NASA Astrophysics Data System}
}

@ARTICLE{2017PhRvD..96f2002A,
   author = {{Abbott}, B.~P. and {Abbott}, R. and {Abbott}, T.~D. and {Acernese}, F. and 
  {Ackley}, K. and {Adams}, C. and {Adams}, T. and {Addesso}, P. and 
  {Adhikari}, R.~X. and {Adya}, V.~B. and et al.},
    title = "{All-sky search for periodic gravitational waves in the O1 LIGO data}",
  journal = {\prd},
archivePrefix = "arXiv",
   eprint = {1707.02667},
 primaryClass = "gr-qc",
     year = 2017,
    month = sep,
   volume = 96,
   number = 6,
      eid = {062002},
    pages = {062002},
      doi = {10.1103/PhysRevD.96.062002},
   adsurl = {http://adsabs.harvard.edu/abs/2017PhRvD..96f2002A},
  adsnote = {Provided by the SAO/NASA Astrophysics Data System}
}

@ARTICLE{2018ApJ...855..116V,
   author = {{Vincent}, F.~H. and {Bejger}, M. and {Rozanska}, A. and 
  {Straub}, O. and {Paumard}, T. and {Fortin}, M. and {Madej}, J. and 
  {Majczyna}, A. and {Gourgoulhon}, E. and {Haensel}, P. and {Zdunik}, L. and 
  {Beldycki}, B.},
    title = "{Accurate Ray-tracing of Realistic Neutron Star Atmospheres for Constraining Their Parameters}",
  journal = {\apj},
archivePrefix = "arXiv",
   eprint = {1711.02414},
 primaryClass = "astro-ph.HE",
 keywords = {equation of state, gravitation, radiative transfer, relativistic processes, stars: neutron },
     year = 2018,
    month = mar,
   volume = 855,
      eid = {116},
    pages = {116},
      doi = {10.3847/1538-4357/aab0a3},
   adsurl = {http://adsabs.harvard.edu/abs/2018ApJ...855..116V},
  adsnote = {Provided by the SAO/NASA Astrophysics Data System}
}

@ARTICLE{2017PhRvL.119p1101A,
   author = {{Abbott}, B.~P. and {Abbott}, R. and {Abbott}, T.~D. and {Acernese}, F. and 
  {Ackley}, K. and {Adams}, C. and {Adams}, T. and {Addesso}, P. and 
  {Adhikari}, R.~X. and {Adya}, V.~B. and et al.},
    title = "{GW170817: Observation of Gravitational Waves from a Binary Neutron Star Inspiral}",
  journal = {Physical Review Letters},
archivePrefix = "arXiv",
   eprint = {1710.05832},
 primaryClass = "gr-qc",
     year = 2017,
    month = oct,
   volume = 119,
   number = 16,
      eid = {161101},
    pages = {161101},
      doi = {10.1103/PhysRevLett.119.161101},
   adsurl = {http://adsabs.harvard.edu/abs/2017PhRvL.119p1101A},
  adsnote = {Provided by the SAO/NASA Astrophysics Data System}
}

@ARTICLE{2017arXiv171006607B,
   author = {{Bejger}, M.},
    title = "{Status of the continuous GW searches in the Advanced Detector Era}",
  journal = {Rencontres de Moriond 2017, Gravitation session},
archivePrefix = "arXiv",
   eprint = {arXiv:1710.06607},
 primaryClass = "gr-qc",
 keywords = {General Relativity and Quantum Cosmology},
     year = 2017,
    month = oct,
   adsurl = {http://adsabs.harvard.edu/abs/2017arXiv171006607B},
  adsnote = {Provided by the SAO/NASA Astrophysics Data System}
}

%@ARTICLE{2017NewA...51....7J,
%   author = {{Janiuk}, A. and {Bejger}, M. and {Charzynski}, S. and {Sukova}, P.
%  },
%    title = "{On the possible gamma-ray burst-gravitational wave association in GW150914}",
%  journal = {\na},
%archivePrefix = "arXiv",
%   eprint = {1604.07132},
% primaryClass = "astro-ph.HE",
% keywords = {Black hole physics, Accretion, Accretion disks, Gravitational waves, Neutrinos},
%     year = 2017,
%    month = feb,
%   volume = 51,
%    pages = {7-14},
%      doi = {10.1016/j.newast.2016.08.002},
%   adsurl = {http://adsabs.harvard.edu/abs/2017NewA...51....7J},
%  adsnote = {Provided by the SAO/NASA Astrophysics Data System}
%}

@ARTICLE{2018A&A...616A.105S,
   author = {{Sieniawska}, M. and {Bejger}, M. and {Haskell}, B.},
    title = "{Estimating the equation of state from measurements of neutron star radii with 5\% accuracy}",
  journal = {\aap},
 keywords = {equation of state, dense matter, stars: neutron},
     year = 2018,
    month = aug,
   volume = 616,
      eid = {A105},
    pages = {A105},
      doi = {10.1051/0004-6361/201833071},
   adsurl = {http://adsabs.harvard.edu/abs/2018A%26A...616A.105S},
  adsnote = {Provided by the SAO/NASA Astrophysics Data System},
  journal = {ArXiv e-prints},
archivePrefix = "arXiv",
   eprint = {1803.08813},
 primaryClass = "astro-ph.HE",
}

@ARTICLE{2017ApJ...839...12A,
   author = {{Abbott}, B.~P. and {Abbott}, R. and {Abbott}, T.~D. and {Abernathy}, M.~R. and 
  {Acernese}, F. and {Ackley}, K. and {Adams}, C. and {Adams}, T. and 
  {Addesso}, P. and {Adhikari}, R.~X. and et al.},
    title = "{First Search for Gravitational Waves from Known Pulsars with Advanced LIGO}",
  journal = {\apj},
archivePrefix = "arXiv",
   eprint = {1701.07709},
 primaryClass = "astro-ph.HE",
 keywords = {gravitational waves, pulsars: general},
     year = 2017,
    month = apr,
   volume = 839,
      eid = {12},
    pages = {12},
      doi = {10.3847/1538-4357/aa677f},
   adsurl = {http://adsabs.harvard.edu/abs/2017ApJ...839...12A},
  adsnote = {Provided by the SAO/NASA Astrophysics Data System}
}


%@ARTICLE{2016PhRvD..94l4010W,
%   author = {{Walsh}, S. and {Pitkin}, M. and {Oliver}, M. and {D'Antonio}, S. and 
%  {Dergachev}, V. and {Kr{\'o}lak}, A. and {Astone}, P. and {Bejger}, M. and 
%  {Di Giovanni}, M. and {Dorosh}, O. and et al.}, 
%    title = "{Comparison of methods for the detection of gravitational waves from unknown neutron stars}",
%  journal = {\prd},
%archivePrefix = "arXiv",
%   eprint = {1606.00660},
% primaryClass = "gr-qc",
%     year = 2016,
%    month = dec,
%   volume = 94,
%   number = 12,
%      eid = {124010},
%    pages = {124010},
%      doi = {10.1103/PhysRevD.94.124010},
%   adsurl = {http://adsabs.harvard.edu/abs/2016PhRvD..94l4010W},
%  adsnote = {Provided by the SAO/NASA Astrophysics Data System}
%}
%
%@ARTICLE{2017A&A...600A..39B,
%   author = {{Bejger}, M. and {Blaschke}, D. and {Haensel}, P. and {Zdunik}, J.~L. and 
%  {Fortin}, M.},
%    title = "{Consequences of a strong phase transition in the dense matter equation of state for the rotational evolution of neutron stars}",
%  journal = {\aap},
%archivePrefix = "arXiv",
%   eprint = {1608.07049},
% primaryClass = "astro-ph.HE",
% keywords = {stars: neutron, equation of state, pulsars: general},
%     year = 2017,
%    month = apr,
%   volume = 600,
%      eid = {A39},
%    pages = {A39},
%      doi = {10.1051/0004-6361/201629580},
%   adsurl = {http://adsabs.harvard.edu/abs/2017A%26A...600A..39B},
%  adsnote = {Provided by the SAO/NASA Astrophysics Data System}
%}


@ARTICLE{2017PhRvL.119n1101A,
   author = {{Abbott}, B.~P. and {Abbott}, R. and {Abbott}, T.~D. and {Acernese}, F. and 
  {Ackley}, K. and {Adams}, C. and {Adams}, T. and {Addesso}, P. and 
  {Adhikari}, R.~X. and {Adya}, V.~B. and et al.},
    title = "{GW170814: A Three-Detector Observation of Gravitational Waves from a Binary Black Hole Coalescence}",
  journal = {Physical Review Letters},
archivePrefix = "arXiv",
   eprint = {1709.09660},
 primaryClass = "gr-qc",
     year = 2017,
    month = oct,
   volume = 119,
   number = 14,
      eid = {141101},
    pages = {141101},
      doi = {10.1103/PhysRevLett.119.141101},
   adsurl = {http://adsabs.harvard.edu/abs/2017PhRvL.119n1101A},
  adsnote = {Provided by the SAO/NASA Astrophysics Data System}
}

